<record><leader>00000cas a22000007a 4500</leader><controlfield tag="001">42678117</controlfield><controlfield tag="008">991021d19921993tnuwr ne      0    0eng d</controlfield><datafield ind1=" " ind2=" " tag="010"><subfield code="a">sn 99065870 </subfield></datafield><datafield ind1=" " ind2=" " tag="040"><subfield code="a">TGN</subfield><subfield code="b">eng</subfield><subfield code="c">TGN</subfield><subfield code="d">OCLCF</subfield><subfield code="d">OCLCO</subfield></datafield><datafield ind1=" " ind2=" " tag="042"><subfield code="a">msc</subfield></datafield><datafield ind1="0" ind2=" " tag="130"><subfield code="a">Press enterprise (Farragut, Tenn. : 1992)</subfield></datafield><datafield ind1="0" ind2="0" tag="245"><subfield code="a">Press enterprise.</subfield></datafield><datafield ind1=" " ind2=" " tag="260"><subfield code="a">Farragut, Tenn. :</subfield><subfield code="b">Press Enterprise Inc.,</subfield><subfield code="c">1992-1993.</subfield></datafield><datafield ind1=" " ind2=" " tag="300"><subfield code="a">v.</subfield></datafield><datafield ind1=" " ind2=" " tag="310"><subfield code="a">Weekly</subfield></datafield><datafield ind1="0" ind2=" " tag="362"><subfield code="a">Vol. 4, no. 22 (Feb. 5, 1992)-v. 5, no. 20 (Jan. 27, 1993).</subfield></datafield><datafield ind1=" " ind2=" " tag="580"><subfield code="a">Formed by the union of: Bearden press enterprise, and: Farragut press enterprise.</subfield></datafield><datafield ind1=" " ind2="0" tag="651"><subfield code="a">Farragut (Tenn.)</subfield><subfield code="v">Newspapers.</subfield></datafield><datafield ind1=" " ind2="0" tag="651"><subfield code="a">Knox County (Tenn.)</subfield><subfield code="v">Newspapers.</subfield></datafield><datafield ind1=" " ind2="7" tag="655"><subfield code="a">Newspapers.</subfield><subfield code="2">fast</subfield><subfield code="0">(OCoLC)fst01423814</subfield></datafield><datafield ind1=" " ind2="7" tag="651"><subfield code="a">Tennessee</subfield><subfield code="z">Farragut.</subfield><subfield code="2">fast</subfield><subfield code="0">(OCoLC)fst01226758</subfield></datafield><datafield ind1=" " ind2="7" tag="651"><subfield code="a">Tennessee</subfield><subfield code="z">Knox County.</subfield><subfield code="2">fast</subfield><subfield code="0">(OCoLC)fst01215247</subfield></datafield><datafield ind1=" " ind2=" " tag="752"><subfield code="a">United States</subfield><subfield code="b">Tennessee</subfield><subfield code="c">Knox</subfield><subfield code="d">Farragut.</subfield></datafield><datafield ind1="1" ind2="4" tag="785"><subfield code="t">Bearden press enterprise</subfield><subfield code="w">(DLC)sn 99065872</subfield></datafield><datafield ind1="1" ind2="4" tag="780"><subfield code="t">Farragut press enterprise</subfield><subfield code="w">(DLC)sn 99065873</subfield></datafield><datafield ind1="0" ind2="0" tag="785"><subfield code="t">West Side/Farragut press enterprise</subfield><subfield code="w">(DLC)sn 99065868</subfield></datafield></record>